<record><leader>00000cas a22000007a 4500</leader><controlfield tag="001">20764582</controlfield><controlfield tag="008">891211d1929193uohuwr ne      0    0eng d</controlfield><datafield ind1=" " ind2=" " tag="010"><subfield code="a">sn 89076235 </subfield></datafield><datafield ind1=" " ind2=" " tag="040"><subfield code="a">ONP</subfield><subfield code="b">eng</subfield><subfield code="c">ONP</subfield><subfield code="d">OCLCQ</subfield></datafield><datafield ind1=" " ind2=" " tag="042"><subfield code="a">msc</subfield></datafield><datafield ind1="0" ind2="4" tag="245"><subfield code="a">The Byesville times.</subfield></datafield><datafield ind1=" " ind2=" " tag="260"><subfield code="a">Byesville, Ohio :</subfield><subfield code="b">Prine &amp; Schooler</subfield></datafield><datafield ind1=" " ind2=" " tag="300"><subfield code="a">v.</subfield></datafield><datafield ind1=" " ind2=" " tag="310"><subfield code="a">Weekly</subfield></datafield><datafield ind1="1" ind2=" " tag="362"><subfield code="a">Began in 1929?</subfield></datafield><datafield ind1=" " ind2=" " tag="588"><subfield code="a">Description based on: Vol. 1, no. 25 (Aug. 23, 1929).</subfield></datafield><datafield ind1=" " ind2="4" tag="651"><subfield code="a">Byesville (Ohio)</subfield><subfield code="v">Newspapers.</subfield></datafield><datafield ind1=" " ind2="4" tag="651"><subfield code="a">Guernsey County (Ohio)</subfield><subfield code="v">Newspapers.</subfield></datafield><datafield ind1=" " ind2=" " tag="752"><subfield code="a">United States</subfield><subfield code="b">Ohio</subfield><subfield code="c">Guernsey</subfield><subfield code="d">Byesville.</subfield></datafield><datafield ind1="0" ind2="0" tag="785"><subfield code="t">County times (Cambridge, Ohio)</subfield><subfield code="w">(DLC)sn 89076236</subfield></datafield></record>